@ARTICLE {jakob_instant_2015,
    author   = "Jakob, Wenzel and Tarini, Marco and Panozzo, Daniele and Sorkine-Hornung, Olga",
    title    = "Instant field-aligned meshes",
    journal  = "ACM Transactions on Graphics",
    year     = "2015",
    volume   = "34",
    number   = "6",
    pages    = "1--15",
    month    = "nov",
    note     = "Ce papier présente une méthode pour transformer une surface en maillage triangulaire ou quadrangulaire. Elle utilise un lissage local qui optimise l’orientation des bords et les positions des sommets des maillages de sorties. L’algorithme n’utilise pas d’optimisation globale ce qui permet de le rendre plus rapide et de pouvoir faire la transformation sur des mesh avec beaucoup de points. Cette méthode à pour avantage de pouvoir être parallélisé et prendre en entrée une variété de surface d’entrée.",
    issn     = "0730-0301, 1557-7368",
    url      = "https://dl.acm.org/doi/10.1145/2816795.2818078",
    doi      = "10.1145/2816795.2818078",
    language = "en",
    urldate  = "2022-03-25"
}
@ARTICLE {huang_quadriflow:_2018,
    author     = "Huang, Jingwei and Zhou, Yichao and Niessner, Matthias and Shewchuk, Jonathan Richard and Guibas, Leonidas J.",
    title      = "QuadriFlow: A Scalable and Robust Method for Quadrangulation",
    journal    = "Computer Graphics Forum",
    year       = "2018",
    volume     = "37",
    number     = "5",
    pages      = "147--160",
    month      = "aug",
    note       = "Ce papier propose un algorithme pour générer des maillages quadrangulaire basées sur l’algorithme Instant Field-Aligned Meshes. Il réduit le nombre de singularité vis à vis de la plupart des algorithmes de remaillage, pour ce qui ont un taux de singularité égal, en moyenne QuadriFlow prend moins de temps. Pour minimiser les singulières, l'algorithme combine l'objectif Instant Meshes avec un système de contraintes linéaires et quadratiques. La méthode applique des contraintes linéaires et quadratiques en résolvant un problème global de flux de réseau à coût minimum et des problèmes de satisfaction booléen locale.",
    issn       = "01677055",
    shorttitle = "{QuadriFlow}",
    url        = "https://onlinelibrary.wiley.com/doi/10.1111/cgf.13498",
    doi        = "10.1111/cgf.13498",
    language   = "en",
    urldate    = "2022-03-25"
}
@INPROCEEDINGS {lai_incremental_2008,
    author    = "Lai, Yu-Kun and Kobbelt, Leif and Hu, Shi-Min",
    title     = "An incremental approach to feature aligned quad dominant remeshing",
    booktitle = "Proceedings of the 2008 {ACM} symposium on {Solid} and physical modeling  - {SPM} '08",
    year      = "2008",
    pages     = "137",
    address   = "Stony Brook, New York",
    publisher = "ACM Press",
    note      = "Ce papier met en œuvre une technique pour réaliser le maillage quadrangulaire d’une mesh triangulaire non structurée. La technique consiste à appliquer un “relaxation scheme” de façon itérative pour aligner les bords du maillage sur les directions principales, puis de supprimer les diagonales non alignées du maillage triangulaire. Le point crucial de l’algorithme est le mouvement incrémental des sommets pour aider l’alignement sur la direction principale. L’algorithme ne permet de gérer la résolution du maillage de sortie, qui reste corrélé avec le nombre de vertex de du maillage initial.",
    url       = "http://portal.acm.org/citation.cfm?doid=1364901.1364921",
    doi       = "10.1145/1364901.1364921",
    language  = "en",
    urldate   = "2022-03-25"
}
@ARTICLE {li_meshless_2011,
    author   = "Li, Er and Lévy, Bruno and Zhang, Xiaopeng and Che, Wujun and Dong, Weiming and Paul, Jean-Claude",
    title    = "Meshless quadrangulation by global parameterization",
    journal  = "Computers \\& Graphics",
    year     = "2011",
    volume   = "35",
    number   = "5",
    pages    = "992--1000",
    month    = "oct",
    note     = "Ce papier propose une méthode pour générer un maillage triangulaire ou quadrangulaire à partir d’un nuage de points. L’algorithme détermine les directions principales, puis appliquer un K PPV pour obtenir le champ de direction lisse. La paramétrisation globale est calculée et le gradient est aligné avec le champ de direction. La paramétrisation obtenue permet de créer le maillage triangulaire ou quadrangulaire.",
    issn     = "00978493",
    url      = "https://linkinghub.elsevier.com/retrieve/pii/S009784931100121X",
    doi      = "10.1016/j.cag.2011.05.003",
    language = "en",
    urldate  = "2022-03-25"
}
@ARTICLE {daniels_quadrilateral_2008,
    author   = "Daniels, Joel and Silva, Cláudio T. and Shepherd, Jason and Cohen, Elaine",
    title    = "Quadrilateral mesh simplification",
    journal  = "ACM Transactions on Graphics",
    year     = "2008",
    volume   = "27",
    number   = "5",
    pages    = "1--9",
    month    = "dec",
    note     = "Ce papier montre une méthode pour la simplification et remaillage quadrangulaire. La méthode s’appuie sur un ensemble d'opérations appliqué au dual du maillage tout en conservant le genre topologie. La méthode permet de choisir le niveau de simplification voulu. Trois d'opérations de simplification sont appliquées, le “poly-chord” est un opérateur global, ainsi que “quadrilateral collapses” et  “doublet collapses” va modifier la structure de la mesh par  suppression localisé. Pour conserver le genre topologique, la mesh est transformé en “simplical mesh” et il est appliqué dessus un “Link condition” [Edelsbrunner 2006].",
    issn     = "0730-0301, 1557-7368",
    url      = "https://dl.acm.org/doi/10.1145/1409060.1409101",
    doi      = "10.1145/1409060.1409101",
    abstract = "We introduce a simplification algorithm for meshes composed of quadrilateral elements. It is reminiscent of edge-collapse based methods for triangle meshes, but takes a novel approach to the challenging problem of maintaining the quadrilateral connectivity during level-of-detail creation. The method consists of a set of unit operations applied to the dual of the mesh, each designed to improve mesh structure and maintain topological genus. Geometric shape is maintained by an extension of a quadric error metric to quad meshes. The technique is straightforward to implement and efficient enough to be applied to real-world models. Our technique can handle models with sharp features, and can be used to re-mesh general polygonal, i.e. tri- and quad-dominant, meshes into quadonly meshes.",
    language = "en",
    urldate  = "2022-03-25"
}
@ARTICLE {pietroni_reliable_2021,
    author   = "Pietroni, Nico and Nuvoli, Stefano and Alderighi, Thomas and Cignoni, Paolo and Tarini, Marco",
    title    = "Reliable feature-line driven quad-remeshing",
    journal  = "ACM Transactions on Graphics",
    year     = "2021",
    volume   = "40",
    number   = "4",
    pages    = "1--17",
    month    = "aug",
    note     = "Ce papier propose une méthode de remaillage d’un mesh triangulaire d'entrée en mesh quadrangulaire. C’est une tâche difficile car pour avoir un maillage de qualité en sortie, il faut que les quads soient réguliers et bien alignés, en plus il faut faire en sorte que la géométrie soit également préservée le mieux possible. Pour arriver à ces fins, ce papier propose une pipeline de 5 étapes. Ces étapes visent à optimiser le maillage d'entrée, à préserver au mieux possible toutes les feature-lines du maillage d'entrée et à régulariser et bien aligner les quads pour le maillage de sortie. D’autres méthodes dans ce domaine sont souvent amenées à sacrifier de la qualité dans les maillages en termes de géométrie.",
    issn     = "0730-0301, 1557-7368",
    url      = "https://dl.acm.org/doi/10.1145/3450626.3459941",
    doi      = "10.1145/3450626.3459941",
    abstract = "We present a new algorithm for the semi-regular quadrangulation of an input surface, driven by its line features, such as sharp creases. We define a perfectly feature-aligned cross-field and a coarse layout of polygonal-shaped patches where we strictly ensure that all the feature-lines are represented as patch boundaries. To be able to consistently do so, we allow non-quadrilateral patches and T-junctions in the layout; the key is the ability to constrain the layout so that it still admits a globally consistent, T-junction-free, and pure-quad internal tessellation of its patches. This requires the insertion of additional irregular-vertices inside patches, but the regularity of the final-mesh is safeguarded by optimizing for both their number and for their reciprocal alignment. In total, our method guarantees the reproduction of feature-lines by construction, while still producing good quality, isometric, pure-quad, conforming meshes, making it an ideal candidate for CAD models. Moreover, the method is fully automatic, requiring no user intervention, and remarkably reliable, requiring little assumptions on the input mesh, as we demonstrate by batch processing the entire Thingi10K repository, with less than 0.5\% of the attempted cases failing to produce a usable mesh.",
    language = "en",
    urldate  = "2022-03-25"
}
@ARTICLE {takayama_pattern-based_2014,
    author   = "Takayama, Kenshi and Panozzo, Daniele and Sorkine-Hornung, Olga",
    title    = "Pattern Based Quadrangulation for N Sided Patches",
    journal  = "Computer Graphics Forum",
    year     = "2014",
    volume   = "33",
    number   = "5",
    pages    = "177--184",
    month    = "aug",
    note     = "Ce papier propose un algorithme pour quadranguler des patchs de 2 à 6 côtés. Ce qui améliore d’autres méthodes qui se limitent à des patches de 3 à 4 côtés. Dans ce papier, on réduit le problème initial en un problème plus petit qui est équivalent ce qui réduit fortement tous les différents cas à considérer lors du remaillage. En plus ce papier propose un ensemble de tous les maillages possibles en entrée pour bien assurer que son algorithme reste général.",
    issn     = "01677055",
    url      = "https://onlinelibrary.wiley.com/doi/10.1111/cgf.12443",
    doi      = "10.1111/cgf.12443",
    language = "en",
    urldate  = "2022-03-25"
}
@ARTICLE {tarini_practical_2010,
    author   = "Tarini, Marco and Pietroni, Nico and Cignoni, Paolo and Panozzo, Daniele and Puppo, Enrico",
    title    = "Practical quad mesh simplification",
    journal  = "Computer Graphics Forum",
    year     = "2010",
    volume   = "29",
    number   = "2",
    pages    = "407--418",
    month    = "may",
    note     = "Ce papier présente une méthode de simplification de maillage quadrangulaire incrémentale. Elle applique uniquement des opérations locales sur le maillage et préserve aux mieux les feature lines. En plus ce papier présente un algorithme simple et efficace qui transforme un maillage triangulaire en maillage quadrangulaire. D’autres méthodes de simplification de maillage quadrangulaire s'appuient souvent sur des opérations globales ce qui réduit en général la qualité du maillage de sortie.",
    issn     = "01677055",
    url      = "https://onlinelibrary.wiley.com/doi/10.1111/j.1467-8659.2009.01610.x",
    doi      = "10.1111/j.1467-8659.2009.01610.x",
    language = "en",
    urldate  = "2022-03-25"
}
@ARTICLE {bozzo_adaptive_2010,
    author   = "Bozzo, Agostino and Panozzo, Daniele and Puppo, Enrico and Pietroni, Nico and Rocca, Luigi",
    title    = "Adaptive Quad Mesh Simplification",
    journal  = "Eurographics Italian Chapter Conference 2010",
    year     = "2010",
    pages    = "8 pages",
    note     = "Ce papier s'appuie sur le travail du papier “Practical quad mesh simplification” et étend ces méthodes. Il change les critères qui déclenchent les opérations sur le maillage ce qui rend l’algorithme plus petit et robuste. En plus, en fonction du besoin, cet algorithme peut garder les détails du maillage d'entrée aux endroits où c’est nécessaire. Cependant cette méthode a des problèmes pour bien garder les feature-lines et les détails dans les parties très pointus du maillage d’entré.",
    url      = "http://diglib.eg.org/handle/10.2312/LocalChapterEvents.ItalChap.ItalianChapConf2010.095-102",
    doi      = "10.2312/LOCALCHAPTEREVENTS/ITALCHAP/ITALIANCHAPCONF2010/095-102",
    abstract = "We present an improved algorithm for the progressive simplification of quad meshes, which adapts the resolution of the mesh to details of the modeled shape. We extend previous work [TPC*10], by simplifying the approach and combining it with the concept of Fitmaps introduced in [PPT*10]. The new algorithm has several advantages: it is simpler and more robust; it does not need a parametrization of the input shape; it is adaptive; and it preserves projectability of the output mesh to the input shape, thus supporting displacement mapping. We present experimental results on a variety of datasets, showing relevant improvement over previous results under several aspects.",
    language = "en",
    urldate  = "2022-03-25",
    keywords = "Categories and Subject Descriptors (according to ACM CCS): I.3.5 [Computer Graphics]: Computational Geometry and Object Modeling-Surface representations"
}
@ARTICLE {tarini_closed-form_2021,
    author   = "Tarini, Marco",
    title    = "Closed-form Quadrangulation of N Sided Patches",
    journal  = "arXiv:2101.11569 [cs]",
    year     = "2021",
    month    = "feb",
    note     = "Dans ce papier, on explore une méthode pour réaliser une quadrangulation d’un patch de n côtés avec n un nombre entier supérieur ou égal à 2. Un patch consiste en un nombre de points (ici supérieur ou égal à 2) coplanaire. Les côtés de ce patch sont également sous divisés en un certain nombre de segments. Cette méthode assure qu’on utilisera au plus un seul vertex irrégulier pour créer le maillage quadrangulaire du patch ce qui est préférable dans une majorité des domaines d’application. D'autres méthodes en revanche ne garantissent pas toujour cette particularité.",
    url      = "http://arxiv.org/abs/2101.11569",
    abstract = "We analyze the problem of quadrangulating a \$n\$-sided patch, each side at its boundary subdivided into a given number of edges, using a single irregular vertex (or none, when \$n = 4\$) that breaks the otherwise fully regular lattice. We derive, in an analytical closed-form, (1) the necessary and sufficient conditions that a patch must meet to admit this quadrangulation, and (2) a full description of the resulting tessellation(s).",
    urldate  = "2022-03-25",
    keywords = "Computer Science - Graphics, Computer Science - Computational Geometry, I.3.5"
}
@article{https://doi.org/10.1111/cgf.14366,
author = {Dielen, Alexander and Lim, Isaak and Lyon, Max and Kobbelt, Leif},
title = {Learning Direction Fields for Quad Mesh Generation},
journal = {Computer Graphics Forum},
volume = {40},
number = {5},
pages = {181-191},
keywords = {CCS Concepts, • Computing methodologies → Shape analysis, Neural networks, Mesh models},
doi = {https://doi.org/10.1111/cgf.14366},
url = {https://onlinelibrary.wiley.com/doi/abs/10.1111/cgf.14366},
eprint = {https://onlinelibrary.wiley.com/doi/pdf/10.1111/cgf.14366},
abstract = {Abstract State of the art quadrangulation methods are able to reliably and robustly convert triangle meshes into quad meshes. Most of these methods rely on a dense direction field that is used to align a parametrization from which a quad mesh can be extracted. In this context, the aforementioned direction field is of particular importance, as it plays a key role in determining the structure of the generated quad mesh. If there are no user-provided directions available, the direction field is usually interpolated from a subset of principal curvature directions. To this end, a number of heuristics that aim to identify significant surface regions have been proposed. Unfortunately, the resulting fields often fail to capture the structure found in meshes created by human experts. This is due to the fact that experienced designers can leverage their domain knowledge in order to optimize a mesh for a specific application. In the context of physics simulation, for example, a designer might prefer an alignment and local refinement that facilitates a more accurate numerical simulation. Similarly, a character artist may prefer an alignment that makes the resulting mesh easier to animate. Crucially, this higher level domain knowledge cannot be easily extracted from local curvature information alone. Motivated by this issue, we propose a data-driven approach to the computation of direction fields that allows us to mimic the structure found in existing meshes, which could originate from human experts or other sources. More specifically, we make use of a neural network that aggregates global and local shape information in order to compute a direction field that can be used to guide a parametrization-based quad meshing method. Our approach is a first step towards addressing this challenging problem with a fully automatic learning-based method. We show that compared to classical techniques our data-driven approach combined with a robust model-driven method, is able to produce results that more closely exhibit the ground truth structure of a synthetic dataset (i.e. a manually designed quad mesh template fitted to a variety of human body types in a set of different poses).},
year = {2021},
note = {Ce papier propose une méthode de transformation de mesh triangulaire en mesh quadrangulaire. Cette méthode ne requiert pas d’être guidée par l’utilisateur. Cette méthode combine une technique de quadrangulation guidée par un champ avec un réseau de neurones qui déduit les champs de direction à partir de maillages triangulaires non structurés. Cette méthode à l’avantage de produire sans assistance de l’utilisateur des maillages plus proches d’un maillage fais manuellement que d'autres algorithmes automatique grâce à son apprentissage sur des maillages fait mains.}
}
@article{https://doi.org/10.1111/j.1467-8659.2011.01868.x,
author = {Bommes, David and Lempfer, Timm and Kobbelt, Leif},
title = {Global Structure Optimization of Quadrilateral Meshes},
journal = {Computer Graphics Forum},
volume = {30},
number = {2},
pages = {375-384},
keywords = {I.3.5 Computer Graphics: Computational Geometry and Object Modeling, Hierarchy and geometric transformations, Curve, surface, solid, and object representations},
doi = {https://doi.org/10.1111/j.1467-8659.2011.01868.x},
url = {https://onlinelibrary.wiley.com/doi/abs/10.1111/j.1467-8659.2011.01868.x},
eprint = {https://onlinelibrary.wiley.com/doi/pdf/10.1111/j.1467-8659.2011.01868.x},
abstract = {Abstract We introduce a fully automatic algorithm which optimizes the high-level structure of a given quadrilateral mesh to achieve a coarser quadrangular base complex. Such a topological optimization is highly desirable, since state-of-the-art quadrangulation techniques lead to meshes which have an appropriate singularity distribution and an anisotropic element alignment, but usually they are still far away from the high-level structure which is typical for carefully designed meshes manually created by specialists and used e.g. in animation or simulation. In this paper we show that the quality of the high-level structure is negatively affected by helical configurations within the quadrilateral mesh. Consequently we present an algorithm which detects helices and is able to remove most of them by applying a novel grid preserving simplification operator (GP-operator) which is guaranteed to maintain an all-quadrilateral mesh. Additionally it preserves the given singularity distribution and in particular does not introduce new singularities. For each helix we construct a directed graph in which cycles through the start vertex encode operations to remove the corresponding helix. Therefore a simple graph search algorithm can be performed iteratively to remove as many helices as possible and thus improve the high-level structure in a greedy fashion. We demonstrate the usefulness of our automatic structure optimization technique by showing several examples with varying complexity.},
year = {2011},
note = {Ce papier propose un algorithme automatique qui optimise la structure de haut niveau d'un maillage quadrangulaire. Le papier montre que la qualité de la structure de haut niveau est affectée négativement par les configurations hélicoïdales dans le maillage quadrilatère. Il propose donc un algorithme qui détecte les hélices et est capable d’en supprimer la plupart.}
}
@article{https://doi.org/10.1111/cgf.12426,
author = {Diamanti, Olga and Vaxman, Amir and Panozzo, Daniele and Sorkine-Hornung, Olga},
title = {Designing N-PolyVector Fields with Complex Polynomials},
journal = {Computer Graphics Forum},
volume = {33},
number = {5},
pages = {1-11},
doi = {https://doi.org/10.1111/cgf.12426},
url = {https://onlinelibrary.wiley.com/doi/abs/10.1111/cgf.12426},
eprint = {https://onlinelibrary.wiley.com/doi/pdf/10.1111/cgf.12426},
abstract = {Abstract We introduce N-PolyVector fields, a generalization of N-RoSy fields for which the vectors are neither necessarily orthogonal nor rotationally symmetric. We formally define a novel representation for N-PolyVectors as the root sets of complex polynomials and analyze their topological and geometric properties. A smooth N-PolyVector field can be efficiently generated by solving a sparse linear system without integer variables. We exploit the flexibility of N-PolyVector fields to design conjugate vector fields, offering an intuitive tool to generate planar quadrilateral meshes.},
year = {2014},
note = {Ce papier défini formellement les champs N-PolyVector, décrit leurs
topologies, et fourni une définition cohérente des transports parallèles, de la finesses et des singularités. il montre aussi comment calculer des champs N-PolyVector lisses
avec des limites prescrites sur les angles. Enfin il montre comment calculer des champs N-PolyVector conjugués pour le remaillage avec des éléments plans.}
}
@article{https://doi.org/10.48550/arxiv.2007.09740,
doi = {10.48550/ARXIV.2007.09740},
url = {https://arxiv.org/abs/2007.09740},
author = {Zhang, Paul and Vekhter, Josh and Chien, Edward and Bommes, David and Vouga, Etienne and Solomon, Justin},
keywords = {Graphics (cs.GR), FOS: Computer and information sciences, FOS: Computer and information sciences},
title = {Octahedral Frames for Feature-Aligned Cross-Fields},
publisher = {arXiv},
copyright = {arXiv.org perpetual, non-exclusive license},
abstract = {We present a method for designing smooth cross fields on surfaces that automatically align to sharp features of an underlying geometry. Our approach
introduces a novel class of energies based on a representation of cross fields
in the spherical harmonic basis. We provide theoretical analysis of these
energies in the smooth setting, showing that they penalize deviations from
surface creases while otherwise promoting intrinsically smooth fields. We
demonstrate the applicability of our method to quad-meshing and include
an extensive benchmark comparing our fields to other automatic approaches
for generating feature-aligned cross fields on triangle meshes.},
year = {2020},
copyright = {arXiv.org perpetual, non-exclusive license},
note = {Ce papier présente une méthode pour concevoir des champs croisés lisses sur des surfaces automatiquement alignés sur les caractéristiques nettes d'une géométrie sous-jacente. Cette approche introduit une nouvelle classe d'énergies basée sur une représentation de
champs croisés dans la base harmonique sphérique.}
}
@article{9f03b24c64be48b783f0e6bfae63b051,
title = "Fields on symmetric surfaces",
abstract = "Direction fields, line fields and cross fields are used in a variety of computer graphics applications ranging from non-photorealistic rendering to remeshing. In many cases, it is desirable that fields adhere to symmetry, which is predominant in natural as well as manmade shapes. We present an algorithm for designing smooth Nsymmetry fields on surfaces respecting generalized symmetries of the shape, while maintaining alignment with local features. Our formulation for constructing symmetry fields is based on global symmetries, which are given as input to the algorithm, with no isometry assumptions. We explore in detail the properties of generalized symmetries (reflections in particular), and we also develop an algorithm for the robust computation of such symmetry maps, based on a small number of correspondences, for surfaces of genus zero.",
keywords = "N-rosy field, Quad mesh, Symmetry",
author = "Daniele Panozzo and Yaron Lipman and Enrico Puppo and Denis Zorin",
year = "2012",
month = jul,
doi = "10.1145/2185520.2185607",
language = "English (US)",
volume = "31",
journal = "ACM Transactions on Graphics",
issn = "0730-0301",
publisher = "Association for Computing Machinery (ACM)",
number = "4",
note = "Ce papier présente un algorithme pour concevoir des champs de N-symétrie lisses sur des surfaces respectant les symétries généralisées de la forme, tout en maintenant l'alignement avec les caractéristiques locales. La construction de champs de symétrie est basée sur des symétries globales, qui sont données en entrée de l'algorithme, sans hypothèses d'isométrie. Le papier explore en détail les propriétés de la généralisation de
symétries (réflexions en particulier), et développe également un algorithme pour le calcul robuste de telles cartes de symétrie, basé sur un petit nombre de correspondances, pour des surfaces de genre zéro."
}
@ARTICLE {muyang_zhang_divide-and-conquer_2013,
    author  = "{Muyang Zhang} and {Jin Huang} and {Xinguo Liu} and {Hujun Bao}",
    title   = "A Divide-and-Conquer Approach to Quad Remeshing",
    journal = "IEEE Transactions on Visualization and Computer Graphics",
    year    = "2013",
    volume  = "19",
    number  = "6",
    pages   = "941--952",
    month   = "jun",
    note    = "Ce papier propose une méthode de remaillage de maillages triangulaires vers maillages quadratiques. Pour cela ils partent de l'idée que la plupart des objets de notre quotidien peuvent être décomposés en plusieurs primitives (petits composants géométriques simples). Ils exploitent ce concept en faisant plusieurs subdivisions d’une mesh pour les comparer avec des modèles quadratiques préconstruits. Si la partie subdivisée de la mesh est similaire à un modèle pré construit on remplace cette partie par le modèle. Pour les autres parties on utilise l'algorithme Wave-based quadrangulation avec quelques extensions permettant de maintenir l'intégralité de la structure de la mesh. En général cette technique est beaucoup plus performante que si on utilise simplement l'algorithme Wave-based quadrangulation même dans des modèles complexes grâce à sa méthode diviser pour régner. Cependant la qualité de la mesh résultant dépend beaucoup sur le fait d’avoir une base de données riche de modèles quadratiques préconstruits.",
    issn    = "1077-2626",
    url     = "http://ieeexplore.ieee.org/document/6338255/",
    doi     = "10.1109/TVCG.2012.301",
    urldate = "2022-03-25"
}
@INPROCEEDINGS {schall_controlled_2008,
    author    = "Schall, Oliver and Zayer, Rhaleb and Seidel, Hans-Peter",
    title     = "Controlled field generation for quad-remeshing",
    booktitle = "Proceedings of the 2008 {ACM} symposium on {Solid} and physical modeling  - {SPM} '08",
    year      = "2008",
    pages     = "295",
    address   = "Stony Brook, New York",
    publisher = "ACM Press",
    note      = "Ce papier propose une méthode de remaillage de maillages triangulaires vers maillages quadratiques. Pour cela ils partent d’une méthode connue de construction des champs harmoniques dans une surface mais avec une extension, le fait de pouvoir contrôler et imposer des contraintes sur la construction de ces champs. Ceci permet de maintenir la structure de la mesh ainsi que donner la possibilité à l’utilisateur de contrôler l’aspect des surfaces. De plus, on utilise les contours des champs harmoniques contraints par la forme de l’objet pour déterminer l’orientation des quads. Cela permet aussi de traiter les parties prononcées de la surface de façon précise .",
    url       = "http://portal.acm.org/citation.cfm?doid=1364901.1364942",
    doi       = "10.1145/1364901.1364942",
    language  = "en",
    urldate   = "2022-03-25"
}
@ARTICLE {lai_feature_2010,
    author   = "Lai, Yu-Kun and Kobbelt, Leif and Hu, Shi-Min",
    title    = "Feature aligned quad dominant remeshing using iterative local updates",
    journal  = "Computer-Aided Design",
    year     = "2010",
    volume   = "42",
    number   = "2",
    pages    = "109--117",
    month    = "feb",
    note     = "Ce papier propose un nouvel algorithme de remaillage de maillages triangulaires vers des mesh principalement quadratiques. Un des plus grands avantages de cette méthode c’est la simplicité vu qu’on utilise principalement que des opérations élémentaires dans la mesh de façon itérative. Ce procès permet de garantir que les bords des mesh vont finir par suivre les directions principales de la mesh. Ils appliquent à la fin aussi une étape de post-traitement pour améliorer encore le résultat. Cette méthode d’optimisation incremental assez simple produits de mesh avec des quads assez bien distribués et qui suivent bien les propriétés géométriques de la mesh. Par contre il y a une limitation assez importante que c’est difficile en générale de contrôler précisément la résolution de la mesh de sortie.",
    issn     = "00104485",
    url      = "https://linkinghub.elsevier.com/retrieve/pii/S001044850900089X",
    doi      = "10.1016/j.cad.2009.02.017",
    language = "en",
    urldate  = "2022-03-25"
}
@ARTICLE {wang_retiling_2016,
    author     = "Wang, Ruomei and Zhou, Fan and Yang, Fei",
    title      = "Retiling scheme: a novel approach of direct anisotropic quad-dominant remeshing",
    journal    = "The Visual Computer",
    year       = "2016",
    volume     = "32",
    number     = "9",
    pages      = "1179--1189",
    month      = "sep",
    note       = "La méthode présentée dans ce papier est une extension de l'algorithme Direct anisotropic quad-dominant remeshing, qui lui est une extension de l'algorithme anisotropic polygonal technique, en utilisant une méthode de re-tessellation permettant de faire une simple partition de la surface originel de la mesh et la transformant dans des quads connectés avec les bords qui suivent les directions principales de la surface. De même façon, cet algorithme permet de contrôler la résolution de la mesh quadratique avant que le procès commence ce qui laisse une flexibilité à l'utilisateur en termes de performance ainsi que de détails de la mesh de sortie. De même, on évite la construction d’une paramétrisation globale du maillage, qui enlève une charge computationnelle considérable, ainsi qu’on évite d’augmenter la complexité d'implémentation de l'algorithme de remaillage. Un point important aussi est que des méthodes de détection et préservation des caractéristiques prononcés de l’objet. Cela est un point intéressant vu que la méthode étudiée et implémentée dans notre étude de cas doit respecter aussi les mêmes critères pour les parties prononcées.",
    issn       = "0178-2789, 1432-2315",
    shorttitle = "Retiling scheme",
    url        = "http://link.springer.com/10.1007/s00371-016-1210-7",
    doi        = "10.1007/s00371-016-1210-7",
    language   = "en",
    urldate    = "2022-03-25"
}
@ARTICLE {li_shape_2011,
    author   = "Li, Yufei and Wang, Wenping and Ling, Ruotian and Tu, Changhe",
    title    = "Shape optimization of quad mesh elements",
    journal  = "Computers \\& Graphics",
    year     = "2011",
    volume   = "35",
    number   = "3",
    pages    = "444--451",
    month    = "jun",
    note     = "La méthode explorée par ce papier permet de faire un rééchantillonnage  d’un maillage quadratique afin de reconstruire le maillage avec un ratio d’aspect et taille de quads désirée. En général les méthodes utilisées pour atteindre ce résultat travaillent avec des opérations locales dans des petits composants de la mesh, par contre la méthode proposé ici part d’une méthode globale qui n’introduit pas de singularités afin de préserver la structure générale de la mesh d’entrée. D’autres méthodes mentionnées dans la papier sont aussi efficaces pour créer des maillages quadratiques de haute qualité mais aucune traite directement le problème d’optimisation du ratio d’aspect d’un maillage quadratique. Pour résoudre ce problème, au lieu de faire une paramétrisation globale du maillage et résoudre un système linéaire complexe comme les autres méthodes, l’algorithme utilisé pour cette méthode essaye de rester simple et flexible de façon a accepté de maillages isotropes et anisotropes.",
    issn     = "00978493",
    url      = "https://linkinghub.elsevier.com/retrieve/pii/S0097849311000768",
    doi      = "10.1016/j.cag.2011.03.037",
    language = "en",
    urldate  = "2022-03-25"
}
@inproceedings{marinov_direct_2004,
    address = {Seoul, Korea},
    title = {Direct anisotropic quad-dominant remeshing},
    isbn = {9780769522340},
    url = {http://ieeexplore.ieee.org/document/1348351/},
    doi = {10.1109/PCCGA.2004.1348351},
    urldate = {2022-04-05},
    booktitle = {12th {Pacific} {Conference} on {Computer} {Graphics} and {Applications}, 2004. {PG} 2004. {Proceedings}.},
    publisher = {IEEE},
    author = {Marinov, M. and Kobbelt, L.},
    year = {2004},
    pages = {207--216},
}

@inproceedings{huang_spectral_2008,
	address = {Singapore},
	title = {Spectral quadrangulation with orientation and alignment control},
	isbn = {9781450318310},
	url = {http://dl.acm.org/citation.cfm?doid=1457515.1409100},
	doi = {10.1145/1457515.1409100},
	language = {en},
	urldate = {2022-04-05},
	booktitle = {{ACM} {SIGGRAPH} {Asia} 2008 papers on - {SIGGRAPH} {Asia} '08},
	publisher = {ACM Press},
	author = {Huang, Jin and Zhang, Muyang and Ma, Jin and Liu, Xinguo and Kobbelt, Leif and Bao, Hujun},
	year = {2008},
	pages = {1},
}

@article{campen_dual_2012,
	title = {Dual loops meshing: quality quad layouts on manifolds},
	volume = {31},
	issn = {0730-0301, 1557-7368},
	shorttitle = {Dual loops meshing},
	url = {https://dl.acm.org/doi/10.1145/2185520.2185606},
	doi = {10.1145/2185520.2185606},
	language = {en},
	number = {4},
	urldate = {2022-04-05},
	journal = {ACM Transactions on Graphics},
	author = {Campen, Marcel and Bommes, David and Kobbelt, Leif},
	month = aug,
	year = {2012},
	pages = {1--11},
}
